
% RRT PRM

@article{lavalle2001rapidly,
  title={Rapidly-exploring random trees: Progress and prospects},
  author={LaValle, Steven M and Kuffner, James J and Donald, BR and others},
  journal={Algorithmic and computational robotics: new directions},
  volume={5},
  pages={293--308},
  year={2001},
  publisher={Wellesley}
}
@article{kavraki1996probabilistic,
  title={Probabilistic roadmaps for path planning in high-dimensional configuration spaces},
  author={Kavraki, Lydia E and Svestka, Petr and Latombe, J-C and Overmars, Mark H},
  journal={IEEE transactions on Robotics and Automation},
  volume={12},
  number={4},
  pages={566--580},
  year={1996},
  publisher={IEEE}
}

@article{karaman2011sampling,
  title={Sampling-based algorithms for optimal motion planning},
  author={Karaman, Sertac and Frazzoli, Emilio},
  journal={The international journal of robotics research},
  volume={30},
  number={7},
  pages={846--894},
  year={2011},
  publisher={Sage Publications Sage UK: London, England}
}

@article{park2009obstacle,
  title={Obstacle avoidance of autonomous vehicles based on model predictive control},
  author={Park, JM and Kim, DW and Yoon, YS and Kim, HJ and Yi, KS},
  journal={Proceedings of the Institution of Mechanical Engineers, Part D: Journal of Automobile Engineering},
  volume={223},
  number={12},
  pages={1499--1516},
  year={2009},
  publisher={Sage Publications Sage UK: London, England}
}

@article{ji2016path,
  title={Path planning and tracking for vehicle collision avoidance based on model predictive control with multiconstraints},
  author={Ji, Jie and Khajepour, Amir and Melek, Wael William and Huang, Yanjun},
  journal={IEEE Transactions on Vehicular Technology},
  volume={66},
  number={2},
  pages={952--964},
  year={2016},
  publisher={IEEE}
}

% APF 

@inproceedings{warren1989global,
  title={Global path planning using artificial potential fields},
  author={Warren, Charles W},
  booktitle={IEEE International Conference on Robotics and Automation},
  pages={316--317},
  year={1989},
  organization={IEEE Computer Society}
}

@article{chen2016uav,
  title={UAV path planning using artificial potential field method updated by optimal control theory},
  author={Chen, Yong-bo and Luo, Guan-chen and Mei, Yue-song and Yu, Jian-qiao and Su, Xiao-long},
  journal={International Journal of Systems Science},
  volume={47},
  number={6},
  pages={1407--1420},
  year={2016},
  publisher={Taylor \& Francis}
}

@inproceedings{koren1991potential,
  title={Potential field methods and their inherent limitations for mobile robot navigation.},
  author={Koren, Yoram and Borenstein, Johann and others},
  booktitle={Icra},
  volume={2},
  number={1991},
  pages={1398--1404},
  year={1991}
}

% Dijkstra

@inproceedings{wang2011application,
  title={Application of Dijkstra algorithm in robot path-planning},
  author={Wang, Huijuan and Yu, Yuan and Yuan, Quanbo},
  booktitle={2011 second international conference on mechanic automation and control engineering},
  pages={1067--1069},
  year={2011},
  organization={IEEE}
}

% A*
@article{hart1968formal,
  title={A formal basis for the heuristic determination of minimum cost paths},
  author={Hart, Peter E and Nilsson, Nils J and Raphael, Bertram},
  journal={IEEE transactions on Systems Science and Cybernetics},
  volume={4},
  number={2},
  pages={100--107},
  year={1968},
  publisher={IEEE}
}

@article{donald1993kinodynamic,
  title={Kinodynamic motion planning},
  author={Donald, Bruce and Xavier, Patrick and Canny, John and Reif, John},
  journal={Journal of the ACM (JACM)},
  volume={40},
  number={5},
  pages={1048--1066},
  year={1993},
  publisher={ACM New York, NY, USA}
}

@book{cormen2022introduction,
  title={Introduction to algorithms},
  author={Cormen, Thomas H and Leiserson, Charles E and Rivest, Ronald L and Stein, Clifford},
  year={2022},
  publisher={MIT press}
}

@inproceedings{pivtoraiko2011kinodynamic,
  title={Kinodynamic motion planning with state lattice motion primitives},
  author={Pivtoraiko, Mihail and Kelly, Alonzo},
  booktitle={2011 IEEE/RSJ International Conference on Intelligent Robots and Systems},
  pages={2172--2179},
  year={2011},
  organization={IEEE}
}

@article{zhou2019robust,
  title={Robust and efficient quadrotor trajectory generation for fast autonomous flight},
  author={Zhou, Boyu and Gao, Fei and Wang, Luqi and Liu, Chuhao and Shen, Shaojie},
  journal={IEEE Robotics and Automation Letters},
  volume={4},
  number={4},
  pages={3529--3536},
  year={2019},
  publisher={IEEE}
}

@inproceedings{webb2013kinodynamic,
  title={Kinodynamic RRT*: Asymptotically optimal motion planning for robots with linear dynamics},
  author={Webb, Dustin J and Van Den Berg, Jur},
  booktitle={2013 IEEE international conference on robotics and automation},
  pages={5054--5061},
  year={2013},
  organization={IEEE}
}

% Hybrid A*

@inproceedings{dolgov2009autonomous,
  title={Autonomous driving in semi-structured environments: Mapping and planning},
  author={Dolgov, Dmitri and Thrun, Sebastian},
  booktitle={2009 IEEE international conference on robotics and automation},
  pages={3407--3414},
  year={2009},
  organization={IEEE}
}

@article{dolgov2008practical,
  title={Practical search techniques in path planning for autonomous driving},
  author={Dolgov, Dmitri and Thrun, Sebastian and Montemerlo, Michael and Diebel, James},
  journal={Ann Arbor},
  volume={1001},
  number={48105},
  pages={18--80},
  year={2008}
}

@article{dolgov2010path,
  title={Path planning for autonomous vehicles in unknown semi-structured environments},
  author={Dolgov, Dmitri and Thrun, Sebastian and Montemerlo, Michael and Diebel, James},
  journal={The international journal of robotics research},
  volume={29},
  number={5},
  pages={485--501},
  year={2010},
  publisher={SAGE Publications Sage UK: London, England}
}

% Traj

@article{quan2020survey,
  title={Survey of UAV motion planning},
  author={Quan, Lun and Han, Luxin and Zhou, Boyu and Shen, Shaojie and Gao, Fei},
  journal={IET Cyber-systems and Robotics},
  volume={2},
  number={1},
  pages={14--21},
  year={2020},
  publisher={Wiley Online Library}
}

@inproceedings{mellinger2011minimum,
  title={Minimum snap trajectory generation and control for quadrotors},
  author={Mellinger, Daniel and Kumar, Vijay},
  booktitle={2011 IEEE international conference on robotics and automation},
  pages={2520--2525},
  year={2011},
  organization={IEEE}
}

@article{dong2023review,
  title={A review of mobile robot motion planning methods: from classical motion planning workflows to reinforcement learning-based architectures},
  author={Dong, Lu and He, Zichen and Song, Chunwei and Sun, Changyin},
  journal={Journal of Systems Engineering and Electronics},
  volume={34},
  number={2},
  pages={439--459},
  year={2023},
  publisher={BIAI}
}

@article{wang2022geometrically,
  title={Geometrically constrained trajectory optimization for multicopters},
  author={Wang, Zhepei and Zhou, Xin and Xu, Chao and Gao, Fei},
  journal={IEEE Transactions on Robotics},
  volume={38},
  number={5},
  pages={3259--3278},
  year={2022},
  publisher={IEEE}
}

@inproceedings{ratliff2009chomp,
  title={CHOMP: Gradient optimization techniques for efficient motion planning},
  author={Ratliff, Nathan and Zucker, Matt and Bagnell, J Andrew and Srinivasa, Siddhartha},
  booktitle={2009 IEEE international conference on robotics and automation},
  pages={489--494},
  year={2009},
  organization={IEEE}
}

@article{zhou2020ego,
  title={Ego-planner: An esdf-free gradient-based local planner for quadrotors},
  author={Zhou, Xin and Wang, Zhepei and Ye, Hongkai and Xu, Chao and Gao, Fei},
  journal={IEEE Robotics and Automation Letters},
  volume={6},
  number={2},
  pages={478--485},
  year={2020},
  publisher={IEEE}
}

% VO

@inproceedings{van2011reciprocal,
  title={Reciprocal n-body collision avoidance},
  author={Van Den Berg, Jur and Guy, Stephen J and Lin, Ming and Manocha, Dinesh},
  booktitle={Robotics Research: The 14th International Symposium ISRR},
  pages={3--19},
  year={2011},
  organization={Springer}
}

@inproceedings{van2011reciprocal2,
  title={Reciprocal collision avoidance with acceleration-velocity obstacles},
  author={Van Den Berg, Jur and Snape, Jamie and Guy, Stephen J and Manocha, Dinesh},
  booktitle={2011 IEEE International Conference on Robotics and Automation},
  pages={3475--3482},
  year={2011},
  organization={IEEE}
}

@inproceedings{bareiss2013reciprocal,
  title={Reciprocal collision avoidance for robots with linear dynamics using LQR-obstacles},
  author={Bareiss, Daman and Van den Berg, Jur},
  booktitle={2013 IEEE International Conference on Robotics and Automation},
  pages={3847--3853},
  year={2013},
  organization={IEEE}
}

% modulation
@article{huber2023avoidance,
  title={Avoidance of Concave Obstacles through Rotation of Nonlinear Dynamics},
  author={Huber, Lukas and Slotine, Jean-Jacques and Billard, Aude},
  journal={arXiv preprint arXiv:2306.16160},
  year={2023}
}

@article{huber2022fast,
  title={Fast obstacle avoidance based on real-time sensing},
  author={Huber, Lukas and Slotine, Jean-Jacques and Billard, Aude},
  journal={IEEE Robotics and Automation Letters},
  volume={8},
  number={3},
  pages={1375--1382},
  year={2022},
  publisher={IEEE}
}

@article{khansari2012dynamical,
  title={A dynamical system approach to realtime obstacle avoidance},
  author={Khansari-Zadeh, Seyed Mohammad and Billard, Aude},
  journal={Autonomous Robots},
  volume={32},
  pages={433--454},
  year={2012},
  publisher={Springer}
}

@inproceedings{seder2007dynamic,
  title={Dynamic window based approach to mobile robot motion control in the presence of moving obstacles},
  author={Seder, Marija and Petrovic, Ivan},
  booktitle={Proceedings 2007 IEEE International Conference on Robotics and Automation},
  pages={1986--1991},
  year={2007},
  organization={IEEE}
}