@inproceedings{Falanga_pampc,
  title={PAMPC: Perception-aware model predictive control for quadrotors},
  author={Falanga, Davide and Foehn, Philipp and Lu, Peng and Scaramuzza, Davide},
  booktitle={IEEE/RSJ International Conference on Intelligent Robots and Systems (IROS)},
  pages={1--8},
  year={2018},
  organization={IEEE}
}